@online{il-wikipedia,
	title = {Intermediate Language - Wikipedia},
	url = {https://en.wikipedia.org/wiki/Intermediate_language},
	year = {2015},
}
@online{r2advert,
	title = {Radare advertisement in Berlin's U-Bahn},
	url = {https://twitter.com/alech/status/668385168206483456},
	year = {2015},
}
@online{floating-point-SO,
	title = {REIL description - Zynamics},
	url = {https://reverseengineering.stackexchange.com/questions/5998/floating-point-in-re-intermediate-languages-like-vine-il-bap-il-and-google-zyn},
	year = {2014},
}
@online{reil-zynamics,
	title = {REIL description - Zynamics},
	url = {http://www.zynamics.com/binnavi/manual/html/reil_language.htm},
	year = {2005},
}
@article{reil,
	author = {Thomas Dullien, Sebastian Porst},
	title = {REIL: A platform independent intermediate representation of disassembled code for static code analysis},
	year = {2009},
}
@online{bap-sources,
	author = {BAP Team},
	url = {https://github.com/BinaryAnalysisPlatform/bap},
	year = {2006},
}
@article{bap-handbook,
	author = {David Brumley, Ivan Jager, Edward J. Schwartz and Spencer Whitman},
	title = {The BAP Handbook},
	year = {2014},
}
@article{bitblaze,
	author = {Dawn Song, David Brumley, Heng Yin and Juan Caballero and Ivan Jager},
	title = {BitBlaze: A New Approach to Computer Security via Binary Analysis},
	year = {2008},
}
@article{vine-manual,
	author = {BitBlaze Team},
	title = {Vine Installation and User Manual},
	year = {2009},
}
@article{vine-vuln-analysis,
	author = {David Brumley},
	title = {Analysis and Defense of Vulnerabilities in Binary Code},
	year = {2008},
}
@article{rreil,
	author = {Alexander Sepp, Bigdan Mihaila and Axel Simon},
	title = {Precise Static Analysis of Binaries by Extracting Relational Information},
	year = {2011},
	howpublished = {\url{www2.in.tum.de/bib/files/sepp11precise.pdf}},
}
@article{tie,
	author = {JongHyup Lee, Thanassis Avgerinos and David Brumley},
	title = {TIE: Princpled Reverse Engineering of Types in Binary Programs},
	year = {2011},
}
@article{mail,
	author = {Shahid Alam, R. Nigel Horspool and Issa Traore},
	title = {MAIL: Malware Analysis Intermediate Language - A Step Towards Automating and Optimizing
	Malware Detection},
	year = {2013},
}
@online{r2esil,
	author = {Radare2 Team},
	title = {ESIL description},
	year = {2015},
	url = {https://github.com/radare/radare2book/blob/master/esil.md},
}
@online{r2esil-instruction-set,
	author = {Radare2 Team},
	title = {ESIL Instruction Set},
	year = {2015},
	url = {https://github.com/radare/radare2book/blob/master/esil.md#esil-instruction-set},
}
@article{il-optimization,
	author = {Xue Lei, Wenqing Fan, Wei Huang, Yixian Yand and Zhongxian Li},
	title = {IL Optimization: Detecting and Eliminating Redundant Eflags by Flag Relevant Chain},
	year = {2015},
}
@online{r2types,
	title = {Radare2 types command},
	url = {http://radare.today/types},
	year = {2014},
}
@online{r2pipe,
	title = {R2pipe API},
	url = {https://github.com/radare/radare2/wiki/R2PipeAPI},
	year = {2014},
}
@misc{openreil,
	author = {Dmytro Oleksiuk},
	title = {},
	year = {2015},
	publisher = {GitHub},
	journal = {GitHub repository},
	howpublished = {\url{https://github.com/Cr4sh/openreil}},
}
@misc{radeco,
	author = {Radare2 Team},
	title = {},
	year = {2015},
	publisher = {GitHub},
	journal = {GitHub repository},
	howpublished = {\url{https://github.com/radare/radeco}},
}
@misc{qemu-omap,
	author = {Anton Kochkov},
	title = {QEMU patched for loading OMAP bootroms},
	year = {2013},
	publisher = {GitHub},
	journal = {GitHub repository},
	howpublished = {\url{https://github.com/XVilka/qemu}},
}
@online{r2esiltv,
	title = {ESIL emulation in radare2},
	url = {http://radare.tv/a/44},
	year = {2014},
}
@online{bokken,
	title = {Bokken},
	url = {http://bokken.re},
	year = {2015},
}

